@article{NBTCAnnouncement,
	author =  {NBTC.},
	title =  {ประกาศ กสทช. เรื่อง หลักเกณฑ์การจัดสรรและบริการเลขหมายโทรคมนาคม},
	year = {2014},
	url = {https://www.nbtc.go.th/law/law\_noti/ประกาศ-(1)/ประกาศ-กสทช-เรื่อง-หลักเกณฑ์การจัดสรรและบริการเลขห.aspx}
}
